@misc{
  railsguides,
  title = "{Rails Guides}",
  howpublished = "\url{http://guides.rubyonrails.org}"
}

@misc{
  rspec,
  title = "{RSpec}",
  howpublished = "\url{http://rspec.info}"
}

@misc{
  factorygirl,
  title = "{Factory Girl}",
  howpublished = "\url{https://github.com/thoughtbot/factory_girl}"
}

@misc{
  shoulda,
  title = "Shoulda",
  howpublished = "\url{https://github.com/thoughtbot/shoulda}"
}

@misc{
  androiddev,
  title = "{Android Dev Guide}",
  howpublished = "\url{http://developer.android.com/guide/index.html}"
}
