@misc{nagios-notifications,
  title = {Notification Escalations in Nagios},
  howpublished = {\url{http://nagios.sourceforge.net/docs/3_0/escalations.html}}
}
@misc{noma,
  title = {{NoMa} â€“ {NETWAYS} Notification Manager},
  howpublished = {\url{http://www.netways.de/de/produkte/nagios_addons/noma/}}
}
@misc{pagerduty,
  title = {{PagerDuty}},
  howpublished = {\url{http://www.pagerduty.com}}
}
@misc{rails,
  title = {Ruby on Rails},
  howpublished = {\url{http://rubyonrails.org}}
}
@misc{rails-guides,
  title = {Ruby on Rails Guides},
  howpublished = {\url{http://guides.rubyonrails.org}}
}
